<?xml version="1.0" encoding="UTF-8"?><collection xmlns="http://www.loc.gov/MARC21/slim"><record><leader>00622nam--2200217-u-4500</leader><controlfield tag="001">000051578</controlfield><controlfield tag="002">20161230</controlfield><controlfield tag="005">20161230201049</controlfield><controlfield tag="008">080807s1000------------r-----000-0-eng-d</controlfield><datafield ind1=" " ind2=" " tag="020"><subfield code="a">0201149451</subfield></datafield><datafield ind1=" " ind2=" " tag="040"><subfield code="a">IFIN-HH</subfield></datafield><datafield ind1=" " ind2=" " tag="080"><subfield code="a">539.12...17:539.141</subfield></datafield><datafield ind1="1" ind2=" " tag="100"><subfield code="a">Barger, Vernon D</subfield></datafield><datafield ind1="1" ind2="0" tag="245"><subfield code="a">Collider Physics</subfield><subfield code="c">Vernon D. Barger; Roger J. N. Phillips</subfield></datafield><datafield ind1=" " ind2=" " tag="250"><subfield code="a">Updated Edition</subfield></datafield><datafield ind1=" " ind2=" " tag="260"><subfield code="a">Reading, Messachusetts</subfield><subfield code="b">Addison-Wesley Publishing Company, Inc</subfield><subfield code="c">1997</subfield></datafield><datafield ind1=" " ind2=" " tag="300"><subfield code="a">592 p</subfield></datafield><datafield ind1=" " ind2=" " tag="490"><subfield code="a">Frontiers in Physics</subfield></datafield><datafield ind1="1" ind2=" " tag="700"><subfield code="a">Phillips, Roger J.N</subfield></datafield><datafield ind1=" " ind2=" " tag="852"><subfield code="a">82101</subfield><subfield code="c">539.12</subfield></datafield><datafield ind1=" " ind2=" " tag="CAT"><subfield code="a">Sys</subfield><subfield code="c">20120201</subfield><subfield code="h">130903</subfield></datafield></record></collection>